@misc{nasa, title={NACA Technician Cleans a Ramjet in 8- by 6-Foot Supersonic Wind Tunnel}, url={https://images.nasa.gov/details-GRC-1950-C-25677?fbclid=IwAR1I4lLNCj8oFRWki7opYtk2FaSyQSROFKWyJmHVG05pxn6B_ouRdWINMkY}, journal={NASA}, publisher={NASA}}